<record><leader>00000cas a22000007i 4500</leader><controlfield tag="001">173726848</controlfield><controlfield tag="008">940126d187818uunjumr ne      0    0eng c</controlfield><datafield ind1=" " ind2=" " tag="010"><subfield code="a">  2013257161</subfield></datafield><datafield ind1=" " ind2=" " tag="040"><subfield code="a">CtY-BR</subfield><subfield code="b">eng</subfield><subfield code="e">rda</subfield><subfield code="c">YUS</subfield><subfield code="d">OCLCQ</subfield><subfield code="d">INU</subfield><subfield code="d">OCLCF</subfield></datafield><datafield ind1=" " ind2=" " tag="042"><subfield code="a">msc</subfield></datafield><datafield ind1=" " ind2=" " tag="043"><subfield code="a">n-us-nj</subfield></datafield><datafield ind1="0" ind2=" " tag="130"><subfield code="a">Independent times (Newark, N.J.)</subfield></datafield><datafield ind1="1" ind2="0" tag="245"><subfield code="a">Independent times.</subfield></datafield><datafield ind1=" " ind2="1" tag="264"><subfield code="a">Newark, N.J. :</subfield><subfield code="b">Frank N. Reeve</subfield></datafield><datafield ind1=" " ind2=" " tag="300"><subfield code="a">volumes ;</subfield><subfield code="c">28 cm</subfield></datafield><datafield ind1=" " ind2=" " tag="310"><subfield code="a">Monthly</subfield></datafield><datafield ind1=" " ind2=" " tag="336"><subfield code="a">text</subfield><subfield code="b">txt</subfield><subfield code="2">rdacontent</subfield></datafield><datafield ind1=" " ind2=" " tag="337"><subfield code="a">unmediated</subfield><subfield code="b">n</subfield><subfield code="2">rdamedia</subfield></datafield><datafield ind1=" " ind2=" " tag="338"><subfield code="a">volume</subfield><subfield code="b">nc</subfield><subfield code="2">rdacarrier</subfield></datafield><datafield ind1="1" ind2=" " tag="362"><subfield code="a">Began in March 1878?</subfield></datafield><datafield ind1=" " ind2=" " tag="500"><subfield code="a">"The representative amateur journal of New Jersey."</subfield></datafield><datafield ind1=" " ind2=" " tag="500"><subfield code="a">Frank Newton Reeve, editor; F.N. Reeve, typographical artist.</subfield></datafield><datafield ind1=" " ind2=" " tag="588"><subfield code="a">Description based on: Vol. 1, no. 8 (October 1878); title from caption.</subfield></datafield><datafield ind1=" " ind2=" " tag="588"><subfield code="a">Latest issue consulted: Vol. 1, no. 8 (October 1878).</subfield></datafield><datafield ind1=" " ind2="0" tag="650"><subfield code="a">Amateur journalism</subfield><subfield code="v">Newspapers.</subfield></datafield><datafield ind1=" " ind2="0" tag="651"><subfield code="a">Newark (N.J.)</subfield><subfield code="v">Newspapers.</subfield></datafield><datafield ind1=" " ind2="7" tag="655"><subfield code="a">Juvenilia.</subfield><subfield code="2">rbgenr</subfield></datafield><datafield ind1=" " ind2="7" tag="655"><subfield code="a">Newspapers.</subfield><subfield code="2">fast</subfield><subfield code="0">(OCoLC)fst01423814</subfield></datafield><datafield ind1=" " ind2="7" tag="650"><subfield code="a">Amateur journalism.</subfield><subfield code="2">fast</subfield><subfield code="0">(OCoLC)fst00806670</subfield></datafield><datafield ind1=" " ind2="7" tag="651"><subfield code="a">New Jersey</subfield><subfield code="z">Newark.</subfield><subfield code="2">fast</subfield><subfield code="0">(OCoLC)fst01205929</subfield></datafield><datafield ind1="1" ind2=" " tag="700"><subfield code="a">Reeve, Frank Newton.</subfield></datafield><datafield ind1=" " ind2=" " tag="752"><subfield code="a">United States</subfield><subfield code="b">New Jersey</subfield><subfield code="d">Newark.</subfield></datafield></record>